@article{perceptron,
  author  = "F. Rosenblatt",
  title   = "\textit{The Perceptron: A Probabilistic Model For Information Storage And Organization In The Brain}",
  year    = "1958"
}

@article{backprop,
  author  = "David E. Rumelhart, Geoffrey E. Hinton, Ronald J. Williams",
  title   = "\textit{Learning representations by back-propagating errors}",
  year    = "1986"
}

@article{bellman,
  author  = "R. Bellman",
  title   = "\textit{On the Theory of Dynamic Programming}",
  year    = "1952"
}

@misc{live-lessons,
  author       = "John Krohn",
  title        = "Cartpole DQN",
  howpublished = "\url{https://github.com/the-deep-learners/TensorFlow-LiveLessons/blob/master/notebooks/cartpole_dqn.ipynb}"  
}
